<record xmlns="http://www.loc.gov/MARC21/slim" xmlns:xsi="http://www.w3.org/2001/XMLSchema-instance" xsi:schemaLocation="http://www.loc.gov/MARC21/slim http://www.loc.gov/standards/marcxml/schema/MARC21slim.xsd"><leader>00659nz   2200157n  4500</leader><controlfield tag="001">oca03893477 </controlfield><controlfield tag="005">19950808053501.7</controlfield><controlfield tag="008">950804n| acannaab|          |a aaa     c</controlfield><datafield ind1=" " ind2=" " tag="010"><subfield code="a">nr 95028790 </subfield></datafield><datafield ind1=" " ind2=" " tag="040"><subfield code="a">NNC</subfield><subfield code="c">NNC</subfield></datafield><datafield ind1="0" ind2=" " tag="100"><subfield code="a">Aemilius Sura</subfield></datafield><datafield ind1="1" ind2=" " tag="400"><subfield code="a">Sura, Aemilius</subfield></datafield><datafield ind1=" " ind2=" " tag="670"><subfield code="a">De annis populi romani [CF] 1991:</subfield><subfield code="b">PHI CD ROM #5.3, Latin Canon, bibliographic screen (Aemilius Sura)</subfield></datafield><datafield ind1=" " ind2=" " tag="670"><subfield code="a">Pauly-Wissowa:</subfield><subfield code="b">1. Halbbd., col. 590; "Aemilius", #147 (Aemilius Sura; author of De annis populi romani, cited by Velleius)</subfield></datafield><datafield ind1=" " ind2=" " tag="670"><subfield code="a">Dict. of Greek and Roman biography and mythology, 1967:</subfield><subfield code="b">v. 3, p. 947 (Sura, Aemilius)</subfield></datafield><datafield ind1=" " ind2=" " tag="675"><subfield code="a">Oxford class. dict.;</subfield><subfield code="a">NUC pre-56.</subfield></datafield></record>